@book{smith_flowers_larkin_2013, 
 place={Los Angeles}, 
 title={Interpretative phenomenological analysis: theory, method and research}, publisher={Sage}, 
 author={Smith, Jonathan A. and Flowers, Paul and Larkin, Michael Howard.}, year={2013}
}

@misc{pew_stocking_2018, 
 title={Digital News Fact Sheet}, url={http://www.journalism.org/fact-sheet/digital-news/}, 
 journal={Pew Internet & American Life Project}, author={Stocking, Galen}, year={2018}, 
 month={Jun}
}

@misc{pew_newsusesocial2018,
title={News Use Across Social Media Platforms 2018},
url={http://www.journalism.org/2018/09/10/news-use-across-social-media-platforms-2018/},
journal={Pew Research Center},
author={Matsa, Katerina Eva and Shearer, Elisa},
year={2018},
month={Sep},
day={10}
}

@misc{pew_TVonline,
title={Americans’ online news use is closing in on TV news use},
url={http://www.pewresearch.org/fact-tank/2017/09/07/americans-online-news-use-vs-tv-news-use/},
journal={Pew Research Center},
author={Gottfried, Jeffrey and Shearer, Elisa},
year={2017},
month={Sep},
day={7}
}

@misc{pew_online2017,
title={How Americans Encounter, Recall and Act Upon Digital News},
url={http://www.journalism.org/2017/02/09/how-americans-encounter-recall-and-act-upon-digital-news/},
journal={Pew Research Center},
author={Mitchell, Amy and Gottfried, Jeffrey and Shearer, Elisa and Lu, Kristine},
year={2017},
month={Feb},
day={9}
}
 
@article{yuan2011news,
  title={News consumption across multiple media platforms: A repertoire approach},
  author={Yuan, Elaine},
  journal={Information, Communication \& Society},
  volume={14},
  number={7},
  pages={998--1016},
  year={2011},
  publisher={Taylor \& Francis}
}
@article{webster2011duality,
  title={The duality of media: A structurational theory of public attention},
  author={Webster, James G},
  journal={Communication Theory},
  volume={21},
  number={1},
  pages={43--66},
  year={2011},
  publisher={Oxford University Press}
}

@article{ksiazek2010news,
  title={News-seekers and avoiders: Exploring patterns of total news consumption across media and the relationship to civic participation},
  author={Ksiazek, Thomas B and Malthouse, Edward C and Webster, James G},
  journal={Journal of Broadcasting \& Electronic Media},
  volume={54},
  number={4},
  pages={551--568},
  year={2010},
  publisher={Taylor \& Francis}
}

@article{lee2013news,
  title={News audiences revisited: Theorizing the link between audience motivations and news consumption},
  author={Lee, Angela M},
  journal={Journal of Broadcasting \& Electronic Media},
  volume={57},
  number={3},
  pages={300--317},
  year={2013},
  publisher={Taylor \& Francis}
}
@article{subramony2002users,
  title={Why Users Choose Particular Web Sites Over Others: Introducing a" Means-End" Approach to Human-Computer Interaction.},
  author={Subramony, Deepak Prem},
  journal={J. Electron. Commerce Res.},
  volume={3},
  number={3},
  pages={144--161},
  year={2002}
}
@book{lincoln1985naturalistic,
  title={Naturalistic inquiry},
  author={Lincoln, Yvonna S and Guba, Egon G},
  volume={75},
  year={1985},
  publisher={Sage}
}


@article{tuchman1973making,
  title={Making news by doing work: Routinizing the unexpected},
  author={Tuchman, Gaye},
  journal={American journal of Sociology},
  volume={79},
  number={1},
  pages={110--131},
  year={1973},
  publisher={University of Chicago Press}
}

@book{consolvo_2017, 
 title={Mobile user research: a practical guide}, 
  publisher={Morgan \& Claypool}, 
   author={Consolvo, Sunny and Bentley, Frank and Heckler, Eric and Phatak, Sayali}, 
    year={2017}
}

@article{braun2006using,
  title={Using thematic analysis in psychology},
  author={Braun, Virginia and Clarke, Victoria},
  journal={Qualitative research in psychology},
  volume={3},
  number={2},
  pages={77--101},
  year={2006},
  publisher={Taylor \& Francis}
}

@inproceedings{Leavitt:2014:UHS:2556288.2557140,
 author = {Leavitt, Alex and Clark, Joshua A.},
 title = {Upvoting Hurricane Sandy: Event-based News Production Processes on a Social News Site},
 booktitle = {Proceedings of the SIGCHI Conference on Human Factors in Computing Systems},
 series = {CHI '14},
 year = {2014},
 isbn = {978-1-4503-2473-1},
 location = {Toronto, Ontario, Canada},
 pages = {1495--1504},
 numpages = {10},
 url = {http://doi.acm.org/10.1145/2556288.2557140},
 doi = {10.1145/2556288.2557140},
 acmid = {2557140},
 publisher = {ACM},
 address = {New York, NY, USA},
 keywords = {crisis communication, mixed methods, networked gatekeeping, news framing, news production, reddit, social news site},
} 

@article{Leavitt:2017:UMN:3171581.3134700,
 author = {Leavitt, Alex and Robinson, John J.},
 title = {Upvote My News: The Practices of Peer Information Aggregation for Breaking News on Reddit.Com},
 journal = {Proc. ACM Hum.-Comput. Interact.},
 issue_date = {November 2017},
 volume = {1},
 number = {CSCW},
 month = dec,
 year = {2017},
 issn = {2573-0142},
 pages = {65:1--65:18},
 articleno = {65},
 numpages = {18},
 url = {http://doi.acm.org/10.1145/3134700},
 doi = {10.1145/3134700},
 acmid = {3134700},
 publisher = {ACM},
 address = {New York, NY, USA},
 keywords = {aggregation, breaking news, crisis communication, network gatekeeping, news sources, reddit, trace ethnography, verification},
} 

@article{harcup2001news,
  title={What is news? Galtung and Ruge revisited},
  author={Harcup, Tony and O'neill, Deirdre},
  journal={Journalism studies},
  volume={2},
  number={2},
  pages={261--280},
  year={2001},
  publisher={Taylor \& Francis}
}

@inproceedings{Lottridge:2018:LHT:3173574.3173634,
 author = {Lottridge, Danielle and Bentley, Frank R.},
 title = {Let's Hate Together: How People Share News in Messaging, Social, and Public Networks},
 booktitle = {Proceedings of the 2018 CHI Conference on Human Factors in Computing Systems},
 series = {CHI '18},
 year = {2018},
 isbn = {978-1-4503-5620-6},
 location = {Montreal QC, Canada},
 pages = {60:1--60:13},
 articleno = {60},
 numpages = {13},
 url = {http://doi.acm.org/10.1145/3173574.3173634},
 doi = {10.1145/3173574.3173634},
 acmid = {3173634},
 publisher = {ACM},
 address = {New York, NY, USA},
 keywords = {diffusion, messaging, news, sharing, social media},
} 

@inproceedings{Bentley:2017:CRA:3027063.3053335,
 author = {Bentley, Frank R. and Daskalova, Nediyana and White, Brooke},
 title = {Comparing the Reliability of Amazon Mechanical Turk and Survey Monkey to Traditional Market Research Surveys},
 booktitle = {Proceedings of the 2017 CHI Conference Extended Abstracts on Human Factors in Computing Systems},
 series = {CHI EA '17},
 year = {2017},
 isbn = {978-1-4503-4656-6},
 location = {Denver, Colorado, USA},
 pages = {1092--1099},
 numpages = {8},
 url = {http://doi.acm.org/10.1145/3027063.3053335},
 doi = {10.1145/3027063.3053335},
 acmid = {3053335},
 publisher = {ACM},
 address = {New York, NY, USA},
 keywords = {MTurk, crowdsourcing, design, surveys},
} 

@article{chaffee1996americans,
  title={How Americans get political information: Print versus broadcast news},
  author={Chaffee, Steven and Frank, Stacey},
  journal={The Annals of the American Academy of Political and Social Science},
  volume={546},
  number={1},
  pages={48--58},
  year={1996},
  publisher={SAGE Periodicals Press}
}

@article{purcell2010understanding,
  title={Understanding the participatory news consumer},
  author={Purcell, Kristen and Rainie, Lee and Mitchell, Amy and Rosenstiel, Tom and Olmstead, Kenny},
  journal={Pew Internet and American Life Project},
  volume={1},
  pages={19--21},
  year={2010}
}




@book{eliasoph1998avoiding,
  title={Avoiding politics: How Americans produce apathy in everyday life},
  author={Eliasoph, Nina},
  year={1998},
  publisher={Cambridge University Press}
}

@article{tewksbury2003americans,
  title={What do Americans really want to know? Tracking the behavior of news readers on the Internet},
  author={Tewksbury, David},
  journal={Journal of communication},
  volume={53},
  number={4},
  pages={694--710},
  year={2003},
  publisher={Oxford University Press}
}

@book{prior2007post,
  title={Post-broadcast democracy: How media choice increases inequality in political involvement and polarizes elections},
  author={Prior, Markus},
  year={2007},
  publisher={Cambridge University Press}
}

@article{olmstead2011navigating,
  title={Navigating news online: Where people go, how they get there and what lures them away},
  author={Olmstead, Kenny and Mitchell, Amy and Rosenstiel, Tom},
  journal={Pew Research Center’s Project for Excellence in Journalism},
  volume={9},
  year={2011}
}

@article{weeks2013predicting,
  title={Predicting dissemination of news content in social media: A focus on reception, friending, and partisanship},
  author={Weeks, Brian E and Holbert, R Lance},
  journal={Journalism \& Mass Communication Quarterly},
  volume={90},
  number={2},
  pages={212--232},
  year={2013},
  publisher={SAGE Publications Sage CA: Los Angeles, CA}
}

@book{pariser2011filter,
  title={The filter bubble: How the new personalized web is changing what we read and how we think},
  author={Pariser, Eli},
  year={2011},
  publisher={Penguin}
}

@article{tewksbury2008efficacy,
  title={The efficacy of news browsing: The relationship of news consumption style to social and political efficacy},
  author={Tewksbury, David and Hals, Michelle L and Bibart, Allyson},
  journal={Journalism \& Mass Communication Quarterly},
  volume={85},
  number={2},
  pages={257--272},
  year={2008},
  publisher={SAGE Publications Sage CA: Los Angeles, CA}
}

@inproceedings{goel2012does,
  title={Who Does What on the Web: A Large-Scale Study of Browsing Behavior.},
  author={Goel, Sharad and Hofman, Jake M and Sirer, M Irmak},
  booktitle={ICWSM},
  year={2012}
}


@book{lalmasbook,
  author    = {Lalmas, Mounia and O'Brien, Heather and Yom-Tov,  Elad}, 
  title     = {Measuring User Engagement},
  publisher = {Morgan \& Claypool Publishers},
  year      = 2014,
  note      = {Synthesis Lectures on Information Concepts, Retrieval, and Services},
  isbn      = {1627052615}
}

@inproceedings{Resnick:2013:BYB:2441955.2441981,
 author = {Resnick, Paul and Garrett, R. Kelly and Kriplean, Travis and Munson, Sean A. and Stroud, Natalie Jomini},
 title = {Bursting Your (Filter) Bubble: Strategies for Promoting Diverse Exposure},
 booktitle = {Proceedings of the 2013 Conference on Computer Supported Cooperative Work Companion},
 series = {CSCW '13},
 year = {2013},
 isbn = {978-1-4503-1332-2},
 location = {San Antonio, Texas, USA},
 pages = {95--100},
 numpages = {6},
 url = {http://doi.acm.org/10.1145/2441955.2441981},
 doi = {10.1145/2441955.2441981},
 acmid = {2441981},
 publisher = {ACM},
 address = {New York, NY, USA},
 keywords = {deliberative discourse, diversity, filter bubble, news, personalization, selective exposure},
} 


@article{driscoll2015searching,
  title={Searching and clustering methodologies: Connecting political communication content across platforms},
  author={Driscoll, Kevin and Thorson, Kjerstin},
  journal={The ANNALS of the American Academy of Political and Social Science},
  volume={659},
  number={1},
  pages={134--148},
  year={2015},
  publisher={SAGE Publications Sage CA: Los Angeles, CA}
}

@article{arons1992review,
  title={A review of the cocktail party effect},
  author={Arons, Barry},
  journal={Journal of the American Voice I/O Society},
  volume={12},
  number={7},
  pages={35--50},
  year={1992},
  publisher={Citeseer}
}

@inproceedings{brandt2007txt,
  title={txt 4 l8r: lowering the burden for diary studies under mobile conditions},
  author={Brandt, Joel and Weiss, Noah and Klemmer, Scott R},
  booktitle={CHI'07 extended abstracts on Human factors in computing systems},
  pages={2303--2308},
  year={2007},
  organization={ACM}
}

@inproceedings{palen2002voice,
  title={Voice-mail diary studies for naturalistic data capture under mobile conditions},
  author={Palen, Leysia and Salzman, Marilyn},
  booktitle={Proceedings of the 2002 ACM conference on Computer supported cooperative work},
  pages={87--95},
  year={2002},
  organization={ACM}
}